@article{knuth84,
  author = {Knuth, Donald E.},
  title = {Literate Programming},
  year = {1984},
  issue_date = {May 1984},
  publisher = {Oxford University Press, Inc.},
  address = {USA},
  volume = {27},
  number = {2},
  issn = {0010-4620},
  url = {https://doi.org/10.1093/comjnl/27.2.97},
  doi = {10.1093/comjnl/27.2.97},
  journal = {Comput. J.},
  month = may,
  pages = {97â€“111},
  numpages = {15}
}

@book{dougherty2016,
  title={Introduction to Econometrics},
  author={Dougherty, C.},
  isbn={9780199676828},
  lccn={2015951527},
  url={https://books.google.com/books?id=Q5cMEAAAQBAJ},
  year={2016},
  publisher={Oxford University Press}
}

@book{angrist2014,
  title={Mastering 'Metrics: The Path from Cause to Effect},
  author={Angrist, J.D. and Pischke, J.S.},
  isbn={9781400852383},
  url={https://books.google.com/books?id=dEh-BAAAQBAJ},
  year={2014},
  publisher={Princeton University Press}
}

 @misc{least_squares_web, title={Gauss, least squares, and the missing planet}, url={https://www.actuaries.digital/2021/03/31/gauss-least-squares-and-the-missing-planet/#:~:text=The%20early%20history%20of%20statistics,subject%20to%20random%20measurement%20errors.}, journal={Actuaries Digital}, author={Lim, Milton and Group, COVID-19 Mortality Working and Callan, Mike and Institute, Actuaries and Pyne, James and Dolman, Chris and Chan, Kitty and Connor, John}, year={2021}, month={Apr}}

@misc{rubin2022,
  title={Economics 421: Introduction to Econometrics},
  author={Ed Rubin},
  url={https://github.com/edrubin/EC421W22},
  year={2022},
  publisher={Github}
}

@misc{angrist2010,
   title={A Note on Bias in Conventional Standard Errors under Heteroskedasticity},
   author={Joshua Angrist and Jorn-Steffen Pischke},
   url={https://econ.lse.ac.uk/staff/spischke/mhe/josh/Notes%20on%20conv%20std%20error.pdf},
   year={2010}
}

@Manual{gapminder,
     title = {gapminder: Data from Gapminder},
     author = {Jennifer Bryan},
     note = {https://github.com/jennybc/gapminder, http://www.gapminder.org/data/, https://doi.org/10.5281/zenodo.594018}
}

@misc{dplyrmurdermystery,
  title = {Data for the dplyr murder mystery},
  author = {Darrin Speegle and Bryan Clair},
  url = {https://rdrr.io/github/speegled/dplyrmurdermystery/},
  year = {2021}
}

@book{advR,
  title={Advanced R},
  author={Wickham, H.},
  isbn={9781466586963},
  lccn={2012278240},
  series={Chapman \& Hall/CRC The R Series},
  url={https://adv-r.hadley.nz/},
  year={2014},
  publisher={Taylor \& Francis}
}

@book{r4ds,
  author = {Wickham, Hadley and Grolemund, Garrett},
  title = {R for Data Science: Import, Tidy, Transform, Visualize, and Model Data},
  year = {2017},
  isbn = {1491910399},
  publisher = {O'Reilly Media, Inc.},
  edition = {1st},
  url={https://r4ds.had.co.nz/}
  }

@book{effectbook,
  author = {Nick Huntington-Klein},
  title = {The Effect: An Introduction to Research Design and Causality},
  year = {2021},
  isbn = {9781003226055},
  publisher = {Chapman and Hall/CRC},
  edition = {1st},
  url = {https://doi.org/10.1201/9781003226055}
}

@article{hill2015,
Author = {Hill, Andrew J.},
Title = {The Girl Next Door: The Effect of Opposite Gender Friends on High School Achievement},
Journal = {American Economic Journal: Applied Economics},
Volume = {7},
Number = {3},
Year = {2015},
Month = {July},
Pages = {147-77},
DOI = {10.1257/app.20140030},
URL = {https://www.aeaweb.org/articles?id=10.1257/app.20140030}}

@book{cunningham,
url = {https://doi.org/10.12987/9780300255881},
title = {Causal Inference},
title = {The Mixtape},
author = {Scott Cunningham},
publisher = {Yale University Press},
address = {New Haven},
doi = {doi:10.12987/9780300255881},
isbn = {9780300255881},
year = {2021},
lastchecked = {2022-11-20}
}
